@misc{powerAPI,
	title="PrSpoonocess-level power estimation in VM-based systems",
	author="Maxime Colmant and Mascha Kurpicz and Pascal Felber and  	Lo√Øc Huertas and Romain Rouvoy and  	Anita Sobe",
    howpublished = "\url{https://hal.inria.fr/hal-01130030/file/paper.pdf}"
}

@misc{powerAPIFR,
	title="PrSpoonocess-level power estimation in VM-based systems",
	author="Maxime Colmant and Romain Rouvoy and Lionel Seinturier",
    howpublished = "\url{https://hal.inria.fr/hal-01171696/document}"
}

@misc{gc,
	title="Garbage Collection",
	author="Wikipedia",
    howpublished = "\url{https://en.wikipedia.org/wiki/Garbage_collection_(computer_science)}"
}

@misc{oracleGC,
	title="Java Garbage Collection",
	author="Oracle",
    howpublished = "\url{http://www.oracle.com/webfolder/technetwork/tutorials/obe/java/gc01/index.html}"
}

@misc{jvm,
	title="Java Virtual Machine",
	author="Wikipedia",
    howpublished = "\url{https://en.wikipedia.org/wiki/Java_virtual_machine}"
}


@misc{gnuplot,
	title="Gnuplot",
	author="Wikipedia",
    howpublished = "\url{https://en.wikipedia.org/wiki/Gnuplot}"
}


@misc{gnuplotOfficial,
	title="Gnuplot Official website",
	author="Gnuplot",
    howpublished = "\url{http://www.gnuplot.info/}"
}
http://www.gnuplot.info/
@misc{GCTest,
	title="Testing garbage collection behavior",
	author="herongyang.com",
    howpublished = "\url{http://www.herongyang.com/JVM/GC-Garbage-Collection-Test-Program.html}"
}

